% This file was created with JabRef 2.6.
% Encoding: Cp1252

@online{Statis,
      Title = {More traffic accidents but fewer fatalities than ever before in 2016},
      Author = {Gerhard Kraski},
      Month = {Juli},
      howpublished = "url = {https://www.destatis.de/EN/PressServices/Press/pr/2017/07/PE17$\_$230$\_$46241.html}",
      Year = {2017}
    }      
    
@online{Carolo_Cup,
      Title = {Carolo-Cup Regulations 2017},
      Author = {Technische Universität Braunschweig},
      Month = {October},
      howpublished = "url = {https://wiki.ifr.ing.tu-bs.de/carolocup/system/files/Regelwerk$\_$2017$\_$20161016$\_$en$\_$0.pdf}",
      Year = {2016}
    }


@BOOK{IPM,
  title = {A Vision Based Top-View Transformation Model for a Vehicle Parking
  Assistant},
  publisher = {Sensors},
  year = {2012},
  author = {Chien-Chuan Lin and Ming-Shi Wang},
  address = {Department of Engineering Science, National Cheng Kung University 
  Taiwan, No.1, University Road,Tainan City 701, Taiwan},
  comment = {ISSN: 1424-8220},
  owner = {Chien-Chuan Lin and Ming-Shi Wang},
  timestamp = {1995}
}


%Electronic
	@online{Camera_Calibration,
      Title = {How to Calibrate a Monocular Camera},
      Author = {Adam Allevato},
      Month = {April},
      howpublished = "url = {http://wiki.ros.org/camera$\_$calibration/Tutorials/MonocularCalibration}",
      Year = {2017}
    }


	@BOOK{Machine_Vision,
  		title = {Machine Vision},
 	 	publisher = {McGraw-Hill},
 		 year = {1995},
 		 author = {Ramesh Jain, Rangachar Kasturi, Brian G. Schunck},
  	     comment = {ISBN: 0-07-032018-7},
	     owner = {Ramesh Jain, Rangachar Kasturi, Brian G. Schunck},
 		 timestamp = {2008.03.18}
	}


	@online{ROS,
      Title = {What is ROS},
      Author = {Thomas Dirk},
      Month = {May},
      howpublished = "url = {http://wiki.ros.org/ROS/Introduction}",
      Year = {2014}
    }
    

	@online{Sobel_Operator,
      Title = {Sobel operator},
      Author = {Wikipedia},
      Month = {October},
      howpublished = "url = {https://en.wikipedia.org/wiki/Sobel$\_$operator}",
      Year = {2017}
    }
    
    @online{SobelOperatorandCannyEdgeDetector,
      Title = {Sobel Operator and Canny Edge Detector },
      Author = {Daniel Kim},
      howpublished = "url = {http://www.egr.msu.edu/classes/ece480/capstone/fall13/group04/docs/danapp.pdf}",
      Year = {2013}
    }
    
    
    
    @online{GaussianBlur,
      Title = {Image Filtering},
      Author = {OpenCV Dev Team},
      Month = {October},
      howpublished = "url = {https://docs.opencv.org/2.4/modules/imgproc/doc/
      filtering.html?highlight=gaussianblurgaussianblur}",
      Year = {2017}
    }
    
	 @online{addWeighted,
      Title = {Operations on Arrays},
      Author = {OpenCV Dev Team},
      Month = {October},
      howpublished = "url = {https://docs.opencv.org/2.4/modules/core/doc/operations$\_$on$\_$arrays.htmloperations-on-arrays}",
      Year = {2017}
    }
    
    
	@online{Canny_Edge_Detector,
      Title = {Canny Edge Detector},
      Author = {Wikipedia},
      Month = {May},
      howpublished = "url = {https://en.wikipedia.org/wiki/Canny$\_$edge$\_$detector}",
      Year = {2017}
    }


	@online{Canny_Edge_Detector2,
      Title = {Canny Edge Detector},
      Author = {Indian Institute of Technology Delhi},
      Month = {March},
      howpublished = "url = {http://www.cse.iitd.ernet.in/pkalra/col783/canny.pdf}",
      Year = {2009}
    }
    
    
    @online{Canny_Edge_Detector3,
      Title = {Canny Edge Detector},
      Author = {OpenCV Dev Team},
      Month = {October},
      howpublished = "url = {https://docs.opencv.org/2.4/modules/imgproc/doc/feature$\_$detection.html?highlight=canny}",
      Year = {2017}
    }
    
    

    
    
    
    @article{Hough_Transformation,
    author    = {Richard O. Duda and Peter E. Hart},
    title     = {Use of the Hough Transformation To Detect Lines and Curves in Pictures},
    journal   = {Stanford Research Institute, Menlo Park, California},
    volume   = {15},
    year      = {1972},
    month    = {January}
}

    @article{Standard_Hough,
    author    = {Radovan Josth, Marketa Dubska, Adam Herout, and Jiri Havel},
    title     = {Real-Time Line Detection Using Accelerated
High-Resolution Hough Transform},
    journal   = {Brno University of Technology, Faculty of Information Technology
    Brno, Czech Republic},
}


@online{Standard_Hough_Transformation,
      Title = {Linear Hough Transform Using Python},
      Author = {Nabin Sharma},
      Month = {December},
      howpublished = "url = {https://nabinsharma.wordpress.com/2012/12/26/linear-hough-transform-using-python/}",
      Year = {2012}
    }


@online{Standard_Hough_Transformation2,
      Title = {Hough Line Transform},
      Author = {Opencv Dev Team},
      Month = {October},
      howpublished = "url = {https://docs.opencv.org/2.4/doc/tutorials/imgproc/imgtrans/hough$\_$lines/hough$\_$lines.html}",
      Year = {2017}
    }
    
    

@BOOK{k_nearest_neighbors,
  title = {Top 10 algorithms in data mining},
  publisher = {Springer-Verlag London Limited 2007},
  year = {2007},
  howpublished = "url = {http://www.cs.umd.edu/~samir/498/10Algorithms-08.pdf}",
  author = {Xindong Wu, Vipin Kumar, J. Ross Quinlan, Joydeep Ghosh, Qiang Yang, Hiroshi Motoda, Geoffrey J. McLachlan, Angus Ng, Bing Liu, Philip S. Yu, Zhi-Hua Zhou, Michael Steinbach, David J. Hand, Dan Steinberg},
  comment = {ISBN: 0-07-032018-7},
  owner = {Springer-Verlag London Limited 2007},
  timestamp = {2007.10.08}
}


@online{k_nearest_neighbors_wikipedia,
      Title = {k-nearest neighbors algorithm},
      Author = {Wikipedia},
      Month = {August},
      howpublished = "url = {https://en.wikipedia.org/wiki/K-nearest$\_$neighbors$\_$algorithm}",
      Year = {2017}
    }
    
    
@article{k_nearest_neighbors_adv_disadv,
    author    = {Sadegh Bafandeh Imandoust, Mohammad Bolandraftar},
    title     = {Application of K-Nearest Neighbor (KNN) Approach for
Predicting Economic Events: Theoretical Background},
    journal   = {S B Imandoust et al. Int. Journal of Engineering Research and Applications},
    volume   = {3},
    Issue   = {5},
    pages    = {605-610},
    year      = {2013},
    month    = {October}
}



	@online{k_nearest_neighbors_OpenCV,
      Title = {Fast Approximate Nearest Neighbor Search},
      Author = {OpenCV Dev Team},
      Month = {October},
      howpublished = "url = {https://docs.opencv.org/2.4/modules/flann/doc/flann$\_$fast$\_$
      approximate$\_$nearest$\_$neighbor$\_$search.html}",
      Year = {2017}
    }




@online{Curve_Fitting,
      Title = {The KaleidaGraph Guide to Curve Fitting},
      howpublished = "url = {http://www.synergy.com/Tools/curvefitting.pdf}"
    }
    

@online{Curve_Fitting2,
      Title = {FITTING OF A POLYNOMIAL USING LEAST SQUARES METHOD},
      howpublished = "url = {https://neutrium.net/mathematics/least-squares-fitting-of-a-polynomial/}"
    }   
   
  
   @online{Curve_Fitting_Polynomial,
      Title = {Curve Fitting with Linear and Nonlinear Regression},
      Author = {Jim Frost},
      Month = {August},
      howpublished = "url = {http://blog.minitab.com/blog/adventures-in-statistics-2/curve-fitting-with-linear-and-nonlinear-regression}",
      Year = {2013}
    }
     



 @online{Interpolation_and_CurveFitting,
      Title = {Interpolation and
Curve Fitting},
      Author = {M. Wickert},
      Month = {Juli},
      howpublished = "url = {http://www.eas.uccs.edu/~mwickert/ece1010/lecture$\_$notes/1010n6a.PDF}",
      Year = {2000}
    }




@online{Curve_Fitting_Plot,
      Title = {MyCurveFit},
      Author = {MyCurveFit},
      howpublished = "url = {https://mycurvefit.com/}",
      Year = {2017}
    }


@online{cv_bridge,
      Title = {cv bridge  ROS Wiki},
      Author = {ROS Wiki},
      Month = {December},
      howpublished = "url = {wiki.ros.org/cv$\_$bridge}",
      Year = {2013}
    }
    

@online{OpenCV_Mat,
      Title = {Mat The Basic Image Container},
      Author = {opencv dev team},
      Month = {October},
      howpublished = "url = {http://docs.opencv.org/2.4/doc/tutorials/core/mat$\_$the$\_$basic$\_$image
      $\_$container/mat$\_$the$\_$basic$\_$image$\_$container.html}",
      Year = {2017}
    }



	 @online{threshold,
      Title = {Basic Thresholding Operations},
      Author = {OpenCV Dev Team},
      Month = {October},
      howpublished = "url = {https://docs.opencv.org/2.4/doc/tutorials/imgproc/threshold/threshold.html}",
      Year = {2017}
    }



@article{Review_of_Lane_Detection,
    author    = {Ammu M Kumar and Philomina Simon},
    title     = {REVIEW OF LANE DETECTION AND TRACKING ALGORITHMS IN ADVANCED DRIVER ASSISTANCE SYSTEM},
    journal   = {Proc.IEEE Intell. Veh. Symp.},
    volume   = {4},
    Issue   = {6},
    year      = {2008},
    month    = {Juni}
}


@article{Real_time_Detection_of_Lane_Markers_in_Urban_Streets,
    author    = {Mohamed Aly},
    title     = {Real time Detection of Lane Markers in Urban Streets},
    journal   = {Computational Vision Lab Electrical Engineering California Institute of Technology},
    volume   = {7},
    Issue   = {4},
    pages    = {7-12},
    year      = {2015},
    month    = {August}
}




@Mastersthesis{Bachelorthesis_Nicolas,
  type = {Bachelorsthesis},
  author = {Nicolas Acero Sepulveda},
  title = {{Fahrbahnerkennung und automatisierte Fahrbahnführung anhand einer Farbkamera mit einem Modellfahrzeug}},
  school = {Technical University of Darmstadt},
  year = {2016},
}




@article{An_Efficient_Lane_Detection,
    author    = {Heechul Jung, Junggon Min and Junmo Kim},
    title     = {An Efficient Lane Detection Algorithm For Lane Departure Detection},
    journal   = {IEEE Intelligent Vehicles Symposium (IV)},
    year      = {2013},
    month    = {June}
}



@article{A_Fast_and_Robust_Approach,
    author    = {Christian Lipski, Björn Scholz, Kai Berger, Christian Linz, Timo Stich},
    title     = {A Fast and Robust Approach to Lane Marking Detection and Lane Tracking},
    journal   = {IEEE Southwest Symposium on},
    year      = {2008}
}





 @online{GaussianBlur,
      Title = {Gaussian Smoothing},
      Author = {R. Fischer, S. Perkins, A. Walker and E. Wolfart},
      howpublished = "url = {https://homepages.inf.ed.ac.uk/rbf/HIPR2/gsmooth.htm}",
      Year = {2003}
    }




@online{OpenCV_About,
      Title = {About},
      Author = {OpenCV team},
      howpublished = "url = {https://opencv.org/about.html}",
      Year = {2017}
    }


@online{PD10BIMT,
      Title = {About},
      Author = {MiTAC Computing Technology Corporation},
      howpublished = "url = {http://client.mitac.com/products-embedded-board-PD10BI.html}",
      Year = {2016}
    }







@comment{jabref-meta: selector_publisher:}

@comment{jabref-meta: selector_author:}

@comment{jabref-meta: selector_journal:}

@comment{jabref-meta: selector_keywords:Mathematik;SVP;}

